@article{varadarajan2018,
	title={Deep learning for predicting refractive error from retinal fundus images},
	author={Varadarajan, Avinash V and Poplin, Ryan and Blumer, Katy and Angermueller, Christof and Ledsam, Joe and Chopra, Reena and Keane, Pearse A and Corrado, Greg S and Peng, Lily and Webster, Dale R},
	journal={Investigative ophthalmology \& visual science},
	volume={59},
	number={7},
	pages={2861--2868},
	year={2018},
	publisher={The Association for Research in Vision and Ophthalmology}
}

@article{chun2020,
	title={Deep learning--based prediction of refractive error using photorefraction images captured by a smartphone: model development and validation study},
	author={Chun, Jaehyeong and Kim, Youngjun and Shin, Kyoung Yoon and Han, Sun Hyup and Oh, Sei Yeul and Chung, Tae-Young and Park, Kyung-Ah and Lim, Dong Hui and others},
	journal={JMIR medical informatics},
	volume={8},
	number={5},
	pages={e16225},
	year={2020},
	publisher={JMIR Publications Inc., Toronto, Canada}
}
@inproceedings{leube2019,
	title={Machine Learning based Predictions of Subjective Refractive Errors of the Human Eye.},
	author={Leube, Alexander and Leibig, Christian and Ohlendorf, Arne and Wahl, Siegfried},
	booktitle={HEALTHINF},
	pages={199--205},
	year={2019}
}
@article{rampat2020,
	title={Using artificial intelligence and novel polynomials to predict subjective refraction},
	author={Rampat, Radhika and Debellemani{\`e}re, Guillaume and Malet, Jacques and Gatinel, Damien},
	journal={Scientific Reports},
	volume={10},
	number={1},
	pages={1--9},
	year={2020},
	publisher={Nature Publishing Group}
}

@article{zadnik1992,
	title={The repeatability of measurement of the ocular components.},
	author={Zadnik, Karla and Mutti, Donald O and Adams, Anthony J},
	journal={Investigative ophthalmology \& visual science},
	volume={33},
	number={7},
	pages={2325--2333},
	year={1992},
	publisher={The Association for Research in Vision and Ophthalmology}
}
@article{guirao2003,
	title={A method to predict refractive errors from wave aberration data},
	author={Guirao, Antonio and Williams, David R and others},
	journal={Optometry and Vision Science},
	volume={80},
	number={1},
	pages={36--42},
	year={2003},
	publisher={LWW}
}

@article{thompson1996,
	title={Accuracy and precision of the Tomey ViVA infrared photorefractor.},
	author={Thompson, Aliza M and Li, Tong and Peck, Leilani B and Howland, Howard C and Counts, Rebecca and Bobier, William R},
	journal={Optometry and vision science: official publication of the American Academy of Optometry},
	volume={73},
	number={10},
	pages={644--652},
	year={1996}
}

@article{de2020,
	title={Development of a multivariable prediction model to predict subjective refraction in patients with refractive errors},
	author={de Araujo, Aline Lutz and Santos, Henrique Dias Pereira and Sganzerla, Daniel and Umpierre, Roberto Nunes and Schor, Paulo},
	journal={Investigative Ophthalmology \& Visual Science},
	volume={61},
	number={7},
	pages={5172--5172},
	year={2020},
	publisher={The Association for Research in Vision and Ophthalmology}
}

@article{elliott1997,
	title={Repeatability and accuracy of automated refraction: a comparison of the Nikon NRK-8000, the Nidek AR-1000, and subjective refraction.},
	author={Elliott, Michelle and Simpson, Trefford and Richter, Doris and Fonn, Desmond},
	journal={Optometry and vision science: official publication of the American Academy of Optometry},
	volume={74},
	number={6},
	pages={434--438},
	year={1997}
}

@article{kumar2021,
	title={Accuracy of autorefraction in an adult Indian population},
	author={Kumar, Rajesh S and Moe, Caitlin A and Kumar, Deepak and Rackenchath, Mahalakshmi V and AV, Sathi Devi and Nagaraj, Sriharsha and Wittberg, Dionna M and Stamper, Robert L and Keenan, Jeremy D},
	journal={PloS one},
	volume={16},
	number={5},
	pages={e0251583},
	year={2021},
	publisher={Public Library of Science San Francisco, CA USA}
}

@article{choong2006,
	title={A comparison of autorefraction and subjective refraction with and without cycloplegia in primary school children},
	author={Choong, Yee-Fong and Chen, Ai-Hong and Goh, Pik-Pin},
	journal={American journal of ophthalmology},
	volume={142},
	number={1},
	pages={68--74},
	year={2006},
	publisher={Elsevier}
}

@article{marinrefraction,
	title={REFRACTION: PATIENTS ARE SENSITIVE TO INCREMENTS SMALLER THAN A QUARTER DIOPTER!},
	author={Marin, Gildas}
}

@article{raasch2001,
	title={Repeatability of subjective refraction in myopic and keratoconic subjects: results of vector analysis},
	author={Raasch, Thomas W and Schechtman, Kenneth B and Davis, Larry J and Zadnik, Karla and CLEK Study Group},
	journal={Ophthalmic and Physiological Optics},
	volume={21},
	number={5},
	pages={376--383},
	year={2001},
	publisher={Wiley Online Library}
}
@article{bullimore1998,
	title={The repeatability of automated and clinician refraction.},
	author={Bullimore, Mark A and Fusaro, Robert E and Adams, Craig W},
	journal={Optometry and vision science: official publication of the American Academy of Optometry},
	volume={75},
	number={8},
	pages={617--622},
	year={1998}
}
@article{raasch1998,
	title={Repeatability of visual acuity measurement.},
	author={Raasch, Thomas W and Bailey, Ian L and Bullimore, Mark A},
	journal={Optometry and vision science: official publication of the American Academy of Optometry},
	volume={75},
	number={5},
	pages={342--348},
	year={1998}
}

@article{bennett2015,
	title={Comparison of refractive assessment by wavefront aberrometry, autorefraction, and subjective refraction},
	author={Bennett, Jeffrey R and Stalboerger, Gina M and Hodge, David O and Schornack, Muriel M},
	journal={Journal of optometry},
	volume={8},
	number={2},
	pages={109--115},
	year={2015},
	publisher={Elsevier}
}