@article{retzlaff1990,
  title={Development of the SRK/T intraocular lens implant power calculation formula},
  author={Retzlaff, John A and Sanders, Donald R and Kraff, Manus C},
  journal={Journal of Cataract \& Refractive Surgery},
  volume={16},
  number={3},
  pages={333--340},
  year={1990},
  publisher={Elsevier}
}

@article{ladas2015,
	title={A 3-D “super surface” combining modern intraocular lens formulas to generate a “super formula” and maximize accuracy},
	author={Ladas, John G and Siddiqui, Aazim A and Devgan, Uday and Jun, Albert S},
	journal={JAMA ophthalmology},
	volume={133},
	number={12},
	pages={1431--1436},
	year={2015},
	publisher={American Medical Association}
}

@article{abulafia2016,
	title={New regression formula for toric intraocular lens calculations},
	author={Abulafia, Adi and Koch, Douglas D and Wang, Li and Hill, Warren E and Assia, Ehud I and Franchina, Maria and Barrett, Graham D},
	journal={Journal of Cataract \& Refractive Surgery},
	volume={42},
	number={5},
	pages={663--671},
	year={2016},
	publisher={Elsevier}
}

@article{naeser1997,
	title={Intraocular lens power formula based on vergence calculation and lens design},
	author={Naeser, Kristian},
	journal={Journal of Cataract \& Refractive Surgery},
	volume={23},
	number={8},
	pages={1200--1207},
	year={1997},
	publisher={Elsevier}
}

@article{sanders1980,
	title={Improvement of intraocular lens power calculation using empirical data.},
	author={Sanders, Donald R and Kraff, Manus C},
	journal={Journal-American Intra-Ocular Implant Society},
	volume={6},
	number={3},
	pages={263--267},
	year={1980}
}

@article{tamaoki2019,
	title={Prediction of effective lens position using multiobjective evolutionary algorithm},
	author={Tamaoki, Akeno and Kojima, Takashi and Tanaka, Yoshiki and Hasegawa, Asato and Kaga, Tatsushi and Ichikawa, Kazuo and Tanaka, Kiyoshi},
	journal={Translational vision science \& technology},
	volume={8},
	number={3},
	pages={64--64},
	year={2019},
	publisher={The Association for Research in Vision and Ophthalmology}
}
